<?xml version="1.0" encoding="UTF-8"?><collection xmlns="http://www.loc.gov/MARC21/slim"><record><leader>00481nam--2200169-i-4500</leader><controlfield tag="001">000012650</controlfield><controlfield tag="002">20161230</controlfield><controlfield tag="005">20170306231247</controlfield><controlfield tag="008">060222s1000------------r-----000-0-eng-d</controlfield><datafield ind1=" " ind2=" " tag="100"><subfield code="a">Dangeard, Alain L</subfield></datafield><datafield ind1=" " ind2=" " tag="245"><subfield code="a">Les techniques de l exportation</subfield></datafield><datafield ind1=" " ind2=" " tag="260"><subfield code="a">Paris</subfield><subfield code="b">Presses Universitaires De France</subfield><subfield code="c">1970</subfield></datafield><datafield ind1=" " ind2=" " tag="300"><subfield code="a">125 p</subfield></datafield><datafield ind1=" " ind2=" " tag="490"><subfield code="a">Que Sais-je? Le Point Des Connaissances Actuelles Nr.889</subfield></datafield><datafield ind1=" " ind2=" " tag="700"><subfield code="a">Pontet, Philippe</subfield></datafield><datafield ind1=" " ind2=" " tag="852"><subfield code="a">339.5</subfield></datafield><datafield ind1=" " ind2=" " tag="CAT"><subfield code="a">SYS</subfield><subfield code="c">20170306</subfield><subfield code="h">231247</subfield></datafield></record></collection>